
%%%%%%%%%%%%%%%%%%%%%%%%%%%%%%%%%%%%%%%%%%%%%%%%%%%%%%%%%%%%%%%%%%%%%%%%%%%%%%%%%%%
%%%%%%%%%%%%						BOOKS								%%%%%%%%%%%
%%%%%%%%%%%%%%%%%%%%%%%%%%%%%%%%%%%%%%%%%%%%%%%%%%%%%%%%%%%%%%%%%%%%%%%%%%%%%%%%%%%

@BOOK{TAOE,
   AUTHOR = {Erickson, J.},
   TITLE = {Hacking: Técnicas fundamentales},
   PUBLISHER = {Anaya Multimedia},
   ADDRESS = {España},
   YEAR = {2008},
   EDITION = {Primera Edición},
   ISBN = {978-84-415-2469-9},
}
@BOOK{WSTAE,
   AUTHOR = {Foster, J. and Liu, V.},
   TITLE = {Writing Security Tools and Exploits},
   PUBLISHER = {Syngress},
   ADDRESS = {Canada},
   YEAR = {2006},
   EDITION = {Primera Edición},
   ISBN = {1-59749-997-8},
}

@BOOK{WSTAE-Pages169-181,
   AUTHOR = {Foster, J. and Liu, V.},
   TITLE = {Writing Security Tools and Exploits},
   PUBLISHER = {Syngress},
   ADDRESS = {Canada},
   YEAR = {2006},
   EDITION = {Primera Edición},
   ISBN = {1-59749-997-8},
   CHAPTER = {Exploits: Heap},
   PAGES = {169--181},
}

@BOOK{GHH,
   AUTHOR = {Harris, S. and Harper, A. and Eagle, C. and Ness J.},
   TITLE = {Gray Hat Hacking: The Ethical Hacker's Handbook},
   PUBLISHER = {The McGraw-Hill Companies},
   ADDRESS = {United States of America},
   YEAR = {2008},
   EDITION = {Segunda Edición},
   ISBN = {978-0-07-149568-4},
}
@BOOK{GHH-Pages129-130,
   AUTHOR = {Harris, S. and Harper, A. and Eagle, C. and Ness J.},
   TITLE = {Gray Hat Hacking: The Ethical Hacker's Handbook},
   PUBLISHER = {The McGraw-Hill Companies},
   ADDRESS = {United States of America},
   YEAR = {2008},
   EDITION = {Segunda Edición},
   ISBN = {978-0-07-149568-4},
   CHAPTER = {Segmentation of Memory},
   PAGES = {129--130},
}  
@BOOK{WVCC,
   AUTHOR = {Richter, J. and Nasarre, C.},
   TITLE = {Windows via C/C++},
   PUBLISHER = {Microsoft Press},
   ADDRESS = {United States of America},
   YEAR = {2008},
   EDITION = {Quinta Edición},
   PAGES = {372-373},
   ISBN = {978-0-7356-2424-5}
}
@BOOK{LL,
   AUTHOR = {Levine, J.R},
   TITLE = {Linkers \& Loaders},
   PUBLISHER = {Morgan Kaufmann},
   ADDRESS = {United States of America},
   YEAR = {1999},
   EDITION = {Primera Edición},
   PAGES = {143},
   CHAPTER = {Storage allocation in ELF},
   ISBN = {1-55860-496-0},
}
@BOOK{UTLVMM,
   AUTHOR = {Gorman, M.},
   TITLE = {Understanding the Linux Virtual Memory Manager},
   PUBLISHER = {Prentice Hall},
   ADDRESS = {United States of America},
   YEAR = {2004},
   EDITION = {Primera Edición},
   CHAPTER = {4.1. Linear Address Space},
   ISBN = {0-13145-348-3},
}

%%%%%%%%%%%%%%%%%%%%%%%%%%%%%%%%%%%%%%%%%%%%%%%%%%%%%%%%%%%%%%%%%%%%%%%%%%%%%%%%%%%
%%%%%%%%%%%%						ARTICLES							%%%%%%%%%%%%
%%%%%%%%%%%%%%%%%%%%%%%%%%%%%%%%%%%%%%%%%%%%%%%%%%%%%%%%%%%%%%%%%%%%%%%%%%%%%%%%%%%

@ARTICLE{IALEDSESL,
   AUTHOR  = {López Fernández, A.},
   TITLE   = {Introducción a la explotación de software en sistemas Linux},
   URL = {http://www.overflowedminds.net/Papers/Newlog/Introduccion-Explotacion-Software-Linux.pdf},
   YEAR = {2009},
   URLDATE = {2012-05-22},
}

@ARTICLE{ASALR,
   AUTHOR  = {Müller, T.},
   TITLE   = {ASLR Smack \& Laugh Reference},
   URL = {http://users.ece.cmu.edu/~dbrumley/courses/18732-f11/docs/aslr.pdf},
   YEAR = {2008},
   URLDATE = {2012-08-13},
}

%%%%%%%%%%%%%%%%%%%%%%%%%%%%%%%%%%%%%%%%%%%%%%%%%%%%%%%%%%%%%%%%%%%%%%%%%%%%%%%%%%%
%%%%%%%%%%%%				JOURNAL	ARTICLES							%%%%%%%%%%%%
%%%%%%%%%%%%%%%%%%%%%%%%%%%%%%%%%%%%%%%%%%%%%%%%%%%%%%%%%%%%%%%%%%%%%%%%%%%%%%%%%%%

@ARTICLE{VAOSBTEMP,
   AUTHOR  = {Michel "MaXX" Kaempf},
   TITLE   = {Vudo - An object superstitiously believed to embody magical powers},
   JOURNAL = {Phrack},
   URL = {http://www.phrack.org/issues.html?issue=57&id=8#article},
   YEAR = {2001},
   VOLUME = {57},
   NUMBER = {8},
   URLDATE = {2012-08-13},
}

@ARTICLE{HOELI,
   AUTHOR  = {blackngel},
   TITLE   = {Heap Overflows en Linux: I},
   JOURNAL = {SET},
   URL = {http://www.set-ezine.org/index.php?num=37&art=16},
   YEAR = {2009},
   VOLUME = {37},
   NUMBER = {16},
   URLDATE = {2012-07-12},
}

@ARTICLE{MDM,
   AUTHOR  = {blackngel},
   TITLE   = {Malloc Des-Maleficarum},
   JOURNAL = {Phrack},
   URL = {http://www.phrack.org/issues.html?issue=66&id=10},
   YEAR = {2009},
   VOLUME = {66},
   NUMBER = {10},
   URLDATE = {2012-03-20},
}

@ARTICLE{THOM,
   AUTHOR  = {K-sPecial},
   TITLE   = {The House of Mind},
   JOURNAL = {.aware eZine Alpha},
   VOLUME = {alpha},
   NUMBER = {4},
   URL = {http://www.awarenetwork.org/etc/alpha/?x=4},
   YEAR = {2007},
   URLDATE = {2012-02-07},
}

@ARTICLE{BPAP,
   AUTHOR  = {Tyler Durden},
   TITLE   = {Bypassing PaX ASLR protection},
   JOURNAL = {Phrack},
   URL = {http://www.phrack.com/issues.html?issue=59&id=9},
   YEAR = {2002},
   VOLUME = {59},
   NUMBER = {9},
   URLDATE = {2012-08-13},
}

@ARTICLE{OUAF,
   AUTHOR  = {Autor anónimo},
   TITLE   = {Once upon a free()...},
   JOURNAL = {Phrack},
   URL = {http://www.phrack.com/issues.html?issue=57&id=9},
   YEAR = {2001},
   VOLUME = {57},
   NUMBER = {9},
   URLDATE = {2012-08-13},
}

@ARTICLE{ADLME,
   AUTHOR  = {jp},
   TITLE   = {Advanced Doug lea's malloc exploits},
   JOURNAL = {Phrack},
   URL = {http://phrack.org/issues.html?issue=61&id=6},
   YEAR = {2003},
   VOLUME = {61},
   NUMBER = {6},
   URLDATE = {2012-08-13},
}

@ARTICLE{THOLR,
   AUTHOR  = {blackngel},
   TITLE   = {The House Of Lore: Reloaded},
   JOURNAL = {Phrack},
   URL = {http://www.phrack.org/issues.html?issue=67&id=8},
   YEAR = {2010},
   VOLUME = {67},
   NUMBER = {8},
   URLDATE = {2012-08-13},
}

%%%%%%%%%%%%%%%%%%%%%%%%%%%%%%%%%%%%%%%%%%%%%%%%%%%%%%%%%%%%%%%%%%%%%%%%%%%%%%%%%%%
%%%%%%%%%%%%				CONFERENCE PAPERS							%%%%%%%%%%%%
%%%%%%%%%%%%%%%%%%%%%%%%%%%%%%%%%%%%%%%%%%%%%%%%%%%%%%%%%%%%%%%%%%%%%%%%%%%%%%%%%%%

@ARTICLE{MPIAMLE,
   AUTHOR  = {Lever, C. and Boreham, D},
   TITLE   = {malloc() Performance in a Multithreaded Linux Environment },
   JOURNAL = {CITI Technical Report 00-5},
   YEAR = {2000},
   PAGES = {3}
}

@ARTICLE{OTEOASR,
   AUTHOR  = {Sacham, H. and Page, M. and Pfaff, B. and Goh, E. and Modadugu, N. and Boneh, D.},
   TITLE   = {On the Effectiveness of Address-Space Randomization},
   JOURNAL = {11th ACM Conference on Computer and Communications Security},
   YEAR = {2004},
   URL = {http://www.stanford.edu/~blp/papers/asrandom.pdf},
   URLDATE = {2012-08-13},
}

@ARTICLE{UTHBBI,
   AUTHOR  = {Ferguson, J. N.},
   TITLE   = {Understanding the heap by breaking it},
   JOURNAL = {Black Hat Conference USA},
   YEAR = {2007},
   PAGES = {9},
}

@ARTICLE{GAAIWV,
   AUTHOR  = {WhiteHouse, O.},
   TITLE   = {GS and ASLR in Windows Vista},
   JOURNAL = {Black Hat Conference Europe},
   YEAR = {2007},
   URL = {http://www.blackhat.com/presentations/bh-dc-07/Whitehouse/Presentation/bh-dc-07-Whitehouse.pdf},
   URLDATE = {2012-08-13},
}

@ARTICLE{IE,
   AUTHOR  = {Blazakis, D.},
   TITLE   = {Interpreter Exploitation},
   URL = {http://static.usenix.org/event/woot10/tech/full_papers/Blazakis.pdf},
   JOURNAL = {4th USENIX Workshop on Offensive Technologies},
   YEAR = {2010},
   URLDATE = {2012-08-13},
}

%%%%%%%%%%%%%%%%%%%%%%%%%%%%%%%%%%%%%%%%%%%%%%%%%%%%%%%%%%%%%%%%%%%%%%%%%%%%%%%%%%%
%%%%%%%%%%%%						ONLINE PAGES						%%%%%%%%%%%%
%%%%%%%%%%%%%%%%%%%%%%%%%%%%%%%%%%%%%%%%%%%%%%%%%%%%%%%%%%%%%%%%%%%%%%%%%%%%%%%%%%%

@ONLINE{AOAPIM,
   AUTHOR  = {Gustavo Duarte},
   TITLE   = {Anatomy of a Program in Memory},
   URL = {http://duartes.org/gustavo/blog/post/anatomy-of-a-program-in-memory},
   YEAR = {2009},
   URLDATE = {2012-06-29},
}

@ONLINE{UM,
   AUTHOR  = {University of Alberta},
   TITLE   = {Understanding Memory},
   URL = {http://www.ualberta.ca/CNS/RESEARCH/LinuxClusters/mem.html},
   YEAR = {2008},
   URLDATE = {2012-06-29},
}
@ONLINE{RTAS,
   AUTHOR  = {Linux Weekly News},
   TITLE   = {Reorganizing the address space},
   URL = {http://lwn.net/Articles/91829/},
   YEAR = {2004},
   URLDATE = {2012-06-29},
}
@ONLINE{MM,
   AUTHOR  = {Phantasmal Phantasmagoria},
   TITLE   = {The Malloc Maleficarum: Glibc Malloc Exploitation Techniques},
   URL = {http://seclists.org/bugtraq/2005/Oct/118},
   YEAR = {2005},
   URLDATE = {2011-03-04},
}

@ONLINE{RELRO,
   AUTHOR  = {Julian Cohen},
   TITLE   = {RELRO: RELocation Read-Only},
   ORGANIZATION = {Polytechnic Institute of New York University Research Lab},
   URL = {http://isisblogs.poly.edu/2011/06/01/relro-relocation-read-only/},
   YEAR = {2011},
   URLDATE = {2012-07-07},
}

@ONLINE{OEDSTMPE,
   AUTHOR  = {Juan M. Bello Rivas},
   TITLE   = {Overwriting ELF .dtors section to modify program execution},
   URL = {http://seclists.org/bugtraq/2000/Dec/175},
   YEAR = {2000},
   URLDATE = {2012-09-05},
}

@ONLINE{WOHO,
   AUTHOR  = {Conover, M.},
   TITLE   = {w00w00 on Heap Overflows},
   URL = {http://www.cgsecurity.org/exploit/heaptut.txt},
   YEAR = {1999},
   URLDATE = {2012-08-13},
}

@ONLINE{JCMPV,
   AUTHOR  = {Solar Designer},
   TITLE   = {JPEG COM Marker Processing Vulnerability},
   URL = {http://www.openwall.com/articles/JPEG-COM-Marker-Vulnerability},
   YEAR = {2000},
   URLDATE = {2012-08-13},
}
%%%%%%%%%%%%% end %%%%%%%%%%%%%%%%%%%%%%